%% This document is a bibtex of BP publications

@article{a:2016:1,
  author   = {Pasquier, Beno\^{i}t and Holzer, Mark},
  author+an = {1=highlight},
  doi      = {10.1002/2016JC011821},
  issn     = {2169-9291},
  journal  = {Journal of Geophysical Research: Oceans},
  keywords = {Biogeochemical cycles, processes, and modeling, Nutrients and nutrient cycling, Physical and chemical properties of seawater, Numerical modeling, Carbon cycling, biological pump, nutrient transport, phosphorus cycle, transport time scales, data-constrained matrix model, Green functions},
  number   = {8},
  pages    = {6367--6388},
  title    = {The plumbing of the global biological pump: Efficiency control through leaks, pathways, and time scales},
  volume   = {121},
  year     = {2016},
  sortyear = {0161},
}

@article{a:2016:2,
  author   = {Holzer, Mark and Frants, Marina and Pasquier, Beno\^{i}t},
  author+an = {3=highlight},
  doi      = {10.1002/2016GB005418},
  issn     = {1944-9224},
  journal  = {Global Biogeochemical Cycles},
  keywords = {marine iron cycle, mean iron age, iron age spectrum, iron source attribution, Green function methods, GEOTRACES},
  number   = {10},
  pages    = {1454-1474},
  title    = {The age of iron and iron source attribution in the ocean},
  volume   = {30},
  year     = {2016},
  sortyear = {0162},
}

@article{a:2017:1,
  author  = {Pasquier, Beno\^{i}t and Holzer, Mark},
  doi     = {10.5194/bg-14-4125-2017},
  journal = {Biogeosciences},
  number  = {18},
  pages   = {4125--4159},
  title   = {Inverse-model estimates of the ocean's coupled phosphorus, silicon, and iron cycles},
  url     = {https://www.biogeosciences.net/14/4125/2017/},
  volume  = {14},
  year    = {2017},
  sortyear = {0171},
}

@article{a:2018:1,
  author  = {Pasquier, Beno\^{i}t and Holzer, Mark},
  doi     = {10.5194/bg-15-7177-2018},
  journal = {Biogeosciences},
  number  = {23},
  pages   = {7177--7203},
  title   = {The number of past and future regenerations of iron in the ocean and its intrinsic fertilization efficiency},
  volume  = {15},
  year    = {2018},
  sortyear = {0181},
}

@article{a:2019:1,
  author  = {Holzer, Mark and Pasquier, Beno\^{i}t and DeVries, Timothy and Brzezinski, Mark},
  doi     = {10.1029/2019GB006460},
  journal = {Global Biogeochemical Cycles},
  number  = {12},
  pages   = {1631-1653},
  title   = {Diatom Physiology Controls Silicic Acid Leakage in Response to Iron Fertilization},
  volume  = {33},
  year    = {2019},
  sortyear = {0191},
}



@article{a:2019:2,
  author  = {Nicholas Meskhidze and Christoph V\"{o}lker and Hind A. Al-Abadleh and Katherine Barbeau and Matthieu Bressac and Clifton Buck and Randelle M. Bundy and Peter Croot and Yan Feng and Akinori Ito and Anne M. Johansen and William M. Landing and Jingqiu Mao and Stelios Myriokefalitakis and Daniel Ohnemus and Beno\^{i}t Pasquier and Ying Ye},
  doi     = {10.1016/j.marchem.2019.103704},
  issn    = {0304-4203},
  journal = {Marine Chemistry},
  pages   = {103704},
  title   = {Perspective on identifying and characterizing the processes controlling iron speciation and residence time at the atmosphere-ocean interface},
  volume  = {217},
  year    = {2019},
  sortyear = {0192},
}


@article{a:2021:1,
  author  = {Britten, Gregory L. and Mohajerani, Yara and Primeau, Louis and Aydin, Murat and Garcia, Catherine and Wang, Wei-Lei and Pasquier, Beno\^{i}t and Cael, B. B. and Primeau, François W.},
  doi     = {10.3389/fenvs.2021.491636},
  issn    = {2296-665X},
  journal = {Frontiers in Environmental Science},
  pages   = {28},
  title   = {Evaluating the benefits of Bayesian hierarchical methods for analyzing heterogeneous environmental datasets: a case study of marine organic carbon fluxes},
  volume  = {9},
  year    = {2021},
  sortyear = {0211},
}


@article{a:2021:2,
  author     = {Holzer, Mark and Kwon, Eun Young and Pasquier, Beno\^{i}t},
  doi        = {10.1029/2020GB006863},
  issn       = {1944-9224},
  journal    = {Global Biogeochemical Cycles},
  number     = {6},
  pages      = {e2020GB006863},
  shorttitle = {A {{New Metric}} of the {{Biological Carbon Pump}}},
  title      = {A {{New Metric}} of the {{Biological Carbon Pump}}: {{Number}} of {{Pump Passages}} and {{Its Control}} on {{Atmospheric pCO2}}},
  volume     = {35},
  year       = {2021},
  sortyear = {0212},
}




@article{a:2022:1,
  author     = {Pasquier, Beno{\^i}t and Hines, Sophia K. V. and Liang, Hengdi and Wu, Yingzhe and Goldstein, Steven L. and John, Seth G.},
  doi        = {10.5194/gmd-15-4625-2022},
  issn       = {1991-959X},
  journal    = {Geoscientific Model Development},
  number     = {11},
  pages      = {4625--4656},
  % publisher  = {Copernicus GmbH},
  shorttitle = {{{GNOM}} v1.0},
  title      = {{{GNOM}} v1.0: An Optimized Steady-State Model of the Modern Marine Neodymium Cycle},
  volume     = {15},
  year       = {2022},
  sortyear = {0221},
}


@article{a:2022:2,
  author    = {Pasquier, Beno{\^i}t and Primeau, Fran{\c c}ois W. and John, Seth G.},
  doi       = {10.21105/joss.03814},
  journal   = {Journal of Open Source Software},
  number    = {69},
  pages     = {3814},
  % publisher = {The Open Journal},
  title     = {{{AIBECS}}.Jl: {{A}} Tool for Exploring Global Marine Biogeochemical Cycles.},
  volume    = {7},
  year      = {2022},
  sortyear = {0222},
}


@article{a:2022:3,
  author    = {John, Seth G. and Kelly, Rachel L. and Bian, Xiaopeng and Fu, Feixue and Smith, M. Isabel and Lanning, Nathan T. and Liang, Hengdi and Pasquier, Beno{\^i}t and Seelen, Emily A. and Holzer, Mark and Wasylenki, Laura and Conway, Tim M. and Fitzsimmons, Jessica N. and Hutchins, David A. and Yang, Shun-Chung},
  doi       = {10.1038/s41561-022-01045-7},
  issn      = {1752-0908},
  journal   = {Nature Geoscience},
  number    = {11},
  pages     = {906--912},
  publisher = {Nature Publishing Group},
  title     = {The Biogeochemical Balance of Oceanic Nickel Cycling},
  volume    = {15},
  year      = {2022},
  sortyear = {0223},
}



@article{a:2023:1,
  author  = {Pasquier, Beno\^{i}t and Holzer, Mark and Chamberlain, Matthew A. and Matear, Richard J. and Bindoff, Nathaniel. L. and Primeau, Fran\c{c}ois. W.},
  doi     = {10.5194/bg-20-2985-2023},
  journal = {Biogeosciences},
  number  = {14},
  pages   = {2985--3009},
  title   = {Optimal Parameters for the Ocean's Nutrient, Carbon, and Oxygen Cycles Compensate for Circulation Biases but Replumb the Biological Pump},
  volume  = {20},
  year    = {2023},
  sortyear = {0231},
}





@article{a:2024:1,
  author     = {Holzer, Mark and DeVries, Tim and Pasquier, Beno{\^i}t},
  doi        = {10.1029/2024GL108462},
  issn       = {1944-8007},
  journal    = {Geophysical Research Letters},
  number     = {12},
  pages      = {e2024GL108462},
  shorttitle = {Atmospheric {{pCO2 Response}} to {{Stimulated Organic Carbon Export}}},
  title      = {Atmospheric {{pCO2 Response}} to {{Stimulated Organic Carbon Export}}: {{Sensitivity Patterns}} and {{Timescales}}},
  volume     = {51},
  year       = {2024},
  sortyear = {0241},
}

@article{a:2024:2,
  author  = {John, Seth G. and Liang, Hengdi and Pasquier, Beno{\^i}t and Holzer, Mark and Silva, Sam},
  doi     = {10.1029/2023GB008018},
  issn    = {1944-9224},
  journal = {Global Biogeochemical Cycles},
  number  = {5},
  pages   = {e2023GB008018},
  title   = {Biogeochemical {{Fluxes}} of {{Nickel}} in the {{Global Oceans Inferred From}} a {{Diagnostic Model}}},
  volume  = {38},
  year    = {2024},
  sortyear = {0242},
}




@article{a:2024:3,
  title = {The Biological and Preformed Carbon Pumps in Perpetually Slower and Warmer Oceans},
  author = {Pasquier, Benoît and Holzer, Mark and Chamberlain, Matthew A.},
  year = {2024},
  month = jul,
  journal = {Biogeosciences},
  volume = {21},
  number = {14},
  pages = {3373--3400},
  issn = {1726-4170},
  doi = {10.5194/bg-21-3373-2024},
  sortyear = {0243},
}


@article{a:2024:4,
  title = {Deoxygenation and {{Its Drivers Analyzed}} in {{Steady State}} for {{Perpetually Slower}} and {{Warmer Oceans}}},
  author = {Pasquier, Benoît and Holzer, Mark and Chamberlain, Matthew A. and Matear, Richard J. and Bindoff, Nathaniel L.},
  year = {2024},
  journal = {Journal of Geophysical Research: Oceans},
  volume = {129},
  number = {9},
  pages = {e2024JC021043},
  issn = {2169-9291},
  doi = {10.1029/2024JC021043},
  sortyear = {0244},
}






















% Talks and posters

@inproceedings{tp:2014:1,
  address      = {Sydney, Australia},
  author       = {Pasquier, Beno\^{i}t and Holzer, Mark},
  booktitle    = {Postgrad Conference},
  howpublished = {talk},
  month        = Oct,
  title        = {Plumbing of the biological pump},
  year         = {2014},
  sortyear = {0141},
}

@inproceedings{tp:2015:1,
  address      = {Sydney, Australia},
  author       = {Pasquier, Beno\^{i}t and Holzer, Mark},
  booktitle    = {Postgrad Conference},
  howpublished = {talk},
  month        = Jun,
  title        = {An efficient inverse model of the ocean's coupled nutrient cycles},
  year         = {2015},
  sortyear = {0151},
}

@inproceedings{tp:2015:2,
  address      = {Brisbane, Australia},
  author       = {Pasquier, Beno\^{i}t and Holzer, Mark},
  booktitle    = {AMOS National Conference},
  howpublished = {poster},
  month        = Jul,
  title        = {The plumbing of the global biological pump},
  year         = {2015},
  sortyear = {0152},
}

@inproceedings{tp:2016:1,
  address      = {New Orleans, Louisiana, USA},
  author       = {Pasquier, Beno\^{i}t and Holzer, Mark},
  booktitle    = {Ocean Sciences Meeting},
  howpublished = {poster},
  month        = Feb,
  title        = {Iron control on global productivity: an efficient inverse model of the ocean's coupled phosphate, silicon, and iron cycles},
  year         = {2016},
  sortyear = {0161},
}

@inproceedings{tp:2016:2,
  address      = {New Orleans, Louisiana, USA},
  author       = {Holzer, Mark and Pasquier, Beno\^{i}t and Frants, Marina},
  booktitle    = {Ocean Sciences Meeting},
  howpublished = {poster},
  month        = Feb,
  title        = {Iron Source Attribution and the Age of Dissolved Iron in the Ocean},
  year         = {2016},
  sortyear = {0162},
}




@inproceedings{tp:2016:3,
  address      = {Sydney, Australia},
  author       = {Pasquier, Beno\^{i}t and Holzer, Mark},
  booktitle    = {Postgrad Conference},
  howpublished = {talk},
  month        = Jun,
  title        = {Exploring iron control on global productivity: ``FePSi'', an inverse model of the ocean's coupled phosphate, silicon and iron cycles},
  year         = {2016},
  sortyear = {0163},
}




@inproceedings{tp:2017:1,
  address      = {Canberra, Australia},
  author       = {Pasquier, Beno\^{i}t and Holzer, Mark},
  booktitle    = {AMOS National Conference},
  howpublished = {poster},
  month        = Feb,
  title        = {Response of the biological pump to perturbations in the iron supply: Global teleconnections diagnosed using an inverse model of the coupled phosphorus-silicon-iron nutrient cycles},
  year         = {2017},
  sortyear = {0171},
}

@inproceedings{tp:2017:2,
  address      = {University of California, Irvine, USA},
  author       = {Pasquier, Beno\^{i}t and Holzer, Mark},
  booktitle    = {Half-baked seminar, Department of Earth System Science},
  howpublished = {talk},
  month        = Nov,
  title        = {The efficiency of different iron sources in supporting the ocean's global biological pump},
  year         = {2017},
  sortyear = {0172},
}

@inproceedings{tp:2018:1,
  address      = {Portland, Oregon, USA},
  author       = {Pasquier, Beno\^{i}t and Holzer, Mark},
  booktitle    = {Ocean Sciences Meeting},
  howpublished = {poster},
  month        = Feb,
  title        = {Inverse-model estimates of the ocean's coupled phosphorus, silicon, and iron cycles.},
  year         = {2018},
  sortyear = {0181},
}


@inproceedings{tp:2018:2,
  address      = {University of California, Irvine, USA},
  author       = {Pasquier, Beno\^{i}t},
  booktitle    = {Fran\c{c}ois Primeau Group Meeting},
  howpublished = {talk},
  month        = Feb,
  title        = {Offline parameter optimization for global marine biogeochemical models},
  year         = {2018},
  sortyear = {0182},
}




@inproceedings{tp:2019:1,
  address      = {MIT, USA},
  author       = {Pasquier, Beno\^{i}t},
  booktitle    = {Sack-lunch seminar},
  howpublished = {talk},
  month        = Jan,
  title        = {Developing a new, open-source, user-friendly, fast, modular, global marine biogeochemistry model (in Julia)},
  year         = {2019},
  sortyear = {0191},
}

@inproceedings{tp:2019:2,
  address      = {MIT, USA},
  author       = {Pasquier, Beno\^{i}t and Holzer, Mark},
  booktitle    = {Michael Follows Group Meeting},
  howpublished = {talk},
  month        = Jan,
  title        = {The number of past and future regenerations of iron in the ocean and its intrinsic fertilization efficiency},
  year         = {2019},
  sortyear = {0192},
}

@inproceedings{tp:2019:3,
  address      = {Darwin, Australia},
  author       = {Holzer, Mark and Beno\^{i}t Pasquier and Tim DeVries and Mark Brzezinski},
  booktitle    = {AMOS National Conference},
  howpublished = {talk},
  month        = Jun,
  title        = {Southern Ocean silicic-acid leakage: Sensitivity to diatom physiology and its Si isotope signature analyzed in an inverse model},
  year         = {2019},
  sortyear     = {0193},
}




@inproceedings{tp:2019:4,
  address      = {Climate Change Research Centre (CCRC), UNSW, Australia},
  author       = {Pasquier, Beno\^{i}t and Primeau, Fran\c{c}ois and J. Keith Moore},
  booktitle    = {CCRC Seminars},
  howpublished = {talk},
  month        = Aug,
  title        = {Introducing AIBECS.jl, a Julia package for creating global marine biogeochemistry models},
  year         = {2019},
  sortyear = {0194},
}

@inproceedings{tp:2019:5,
  address      = {School of Mathematics and Statistics, UNSW, Australia},
  author       = {Pasquier, Beno\^{i}t and Primeau, Fran\c{c}ois},
  booktitle    = {Applied Maths Seminar},
  howpublished = {talk},
  month        = Aug,
  title        = {F-1 algorithm: Efficient differentiation through large steady-state problems},
  year         = {2019},
  sortyear = {0195},
}

@inproceedings{tp:2020:1,
  address      = {San Diego Convention Center, San Diego, California, USA},
  author       = {Pasquier, Beno\^{i}t and Primeau, Fran\c{c}ois},
  booktitle    = {Ocean Sciences Meeting},
  howpublished = {poster},
  month        = Feb,
  title        = {AIBECS.jl: the ideal tool for marine biogeochemistry modelling},
  year         = {2020},
  sortyear = {0201},
}

@inproceedings{tp:2020:2,
  address      = {San Diego Convention Center, San Diego, California, USA},
  author       = {Forget, Gaël and Pasquier, Beno\^{i}t and Barth, Alexander and Klöwer, Milan and Ramadan, Ali and Wagner, Gregory L. and Constantinou Navid and others},
  booktitle    = {Ocean Sciences Meeting},
  howpublished = {workshop},
  month        = Feb,
  title        = {Julia users and tools for oceanography},
  year         = {2020},
  sortyear = {0202},
}

@inproceedings{tp:2020:3,
  address      = {Online},
  author       = {Seth G. John and Tim M. Conway and Tom Weber and Tim DeVries and Alessandro Tagliabue and Hengdi Liang and Beno\^{i}t Pasquier},
  booktitle    = {Goldschmidt Conference},
  howpublished = {talk},
  month        = Jun,
  title        = {Metals, Models, and Isotopes: Insights into the Biogeochemical Cycling of Trace Nutrients in the Ocean},
  year         = {2020},
  sortyear = {0203},
}

@inproceedings{tp:2020:4,
  address      = {Online},
  author       = {Seth G. John and Shun-Chung Yang and Xiaopeng Bian and Rachel Kelly and David Hutchins and Feixue Fu and Hengdi Liang and Beno\^{i}t Pasquier and Emily Seelen},
  booktitle    = {Goldschmidt Conference},
  howpublished = {talk},
  month        = Jun,
  title        = {Global Controls on the Distribution of Nickel in the Oceans},
  year         = {2020},
  sortyear = {0204},
}




@inproceedings{tp:2021:1,
  address      = {Online},
  author       = {Forget, Gaël and Pasquier, Beno\^{i}t and Wu, Zhen},
  booktitle    = {JuliaCon},
  howpublished = {Workshop},
  month        = Jul,
  title        = {Modeling Marine Ecosystems At Multiple Scales Using Julia},
  year         = {2021},
  sortyear = {0211},
}

@inproceedings{tp:2022:2,
  address      = {Honolulu, Hawaii, USA},
  author       = {Seth G. John and Rachel Kelly and Xiaopeng Bian and Shun-Chung Yang and Feixue Fu and Magdalene I. Smith and Nathan Lanning and Hengdi Liang and Beno\^{i}t Pasquier and Emily Seelen and Mark Holzer and Tim M. Conway and Jessica N. Fitzsimmons and David Hutchins},
  booktitle    = {Goldschmidt Conference},
  howpublished = {talk},
  month        = Jul,
  title        = {The Biogeochemical Balance that Controls Oceanic Nickel Cycling in the Modern and Past Oceans},
  year         = {2022},
  sortyear = {0222},
}




@inproceedings{tp:2023:1,
  address      = {UNSW, Sydney, Australia},
  author       = {Pasquier, Beno\^{i}t},
  booktitle    = {UNSW Ocean Research Carnival},
  howpublished = {talk},
  month        = Feb,
  title        = {PCO2: A simple biogeochemistry model embedded in a simple ocean circulation model in matrix form},
  year         = {2023},
  sortyear = {0231},
}


@inproceedings{tp:2023:2,
  address      = {Lyon, France},
  author       = {Seth G. John and Hengdi Liang and Beno\^{i}t Pasquier and Mark Holzer and Sam Silva},
  booktitle    = {Goldschmidt Conference},
  howpublished = {talk},
  month        = Jul,
  title        = {Global distribution of nickel sources and sinks from a diagnostic model},
  year         = {2023},
  sortyear = {0232},
}

@inproceedings{tp:2023:3,
  address      = {San Francisco, USA},
  author       = {Paige M. Wise and Lowell Stott and Seth G. John and Beno\^{i}t Pasquier},
  booktitle    = {AGU Fall Meeting},
  howpublished = {talk},
  month        = Dec,
  title        = {Quantifying the Dominant Fluxes of the Modern Marine Neodymium Cycle through Model Optimization},
  year         = {2023},
  sortyear = {0233},
}







@inproceedings{tp:2024:1,
  address      = {Canberra, Australia},
  author       = {Pasquier, Beno\^{i}t and Holzer, Mark and Chamberlain, Matthew A. and Matear, Richard J. and Bindoff, Nathaniel L. and Primeau, Fran\c{c}ois W.},
  booktitle    = {AMOS National Conference},
  howpublished = {talk},
  month        = Feb,
  title        = {Optimal parameters for the ocean's nutrient, carbon, and oxygen cycles compensate for circulation biases but replumb the biological pump},
  year         = {2024},
  sortyear = {0241},
}


@inproceedings{tp:2024:2,
  address      = {New Orleans, Louisiana, USA},
  author       = {Pasquier, Beno\^{i}t and Holzer, Mark and Chamberlain, Matthew A. and Matear, Richard J. and Bindoff, Nathaniel L. and Primeau, Fran\c{c}ois W.},
  booktitle    = {Ocean Sciences Meeting},
  howpublished = {talk},
  month        = March,
  title        = {The Ocean's Carbon and Oxygen Cycles in Future Steady-State Climate Scenarios},
  year         = {2024},
  sortyear = {0242},
}

@inproceedings{tp:2024:3,
  address      = {Chicago, IL, USA},
  author       = {Paige M. Wise and Beno\^{i}t Pasquier and Seth G. John and Sophia K. V. Hines},
  booktitle    = {Goldschmidt Conference},
  howpublished = {talk},
  month        = Aug,
  title        = {Shallow vs Deep: Identifying the magnitude and locations of marine Nd sources with GNOM},
  year         = {2024},
  sortyear = {0243},
}

@inproceedings{tp:2024:4,
  address      = {Washington, DC, USA},
  author       = {Sophia K. V. Hines and Paige M. Wise and Beno\^{i}t Pasquier and Seth G. John},
  booktitle    = {AGU Fall Meeting},
  howpublished = {talk},
  month        = Dec,
  title        = {What Sets Neodymium Distributions in the Ocean and How Does This Impact its Utility as a Paleoceanographic Proxy?},
  year         = {2024},
  sortyear = {0244},
}
